<?xml version="1.0" encoding="UTF-8"?><collection xmlns="http://www.loc.gov/MARC21/slim"><record><leader>00575nam--2200181-i-4500</leader><controlfield tag="001">000014670</controlfield><controlfield tag="002">20161230</controlfield><controlfield tag="005">20161230201030</controlfield><controlfield tag="008">060222s1000------------r-----000-0-eng-d</controlfield><datafield ind1=" " ind2=" " tag="040"><subfield code="a">IFIN-HH</subfield></datafield><datafield ind1=" " ind2=" " tag="080"><subfield code="a">537.61:53-622:538.955</subfield></datafield><datafield ind1="1" ind2=" " tag="100"><subfield code="a">Chang, Hsu</subfield></datafield><datafield ind1=" " ind2=" " tag="245"><subfield code="a">Magnetism and magnetic materials .1968 digest</subfield><subfield code="b">A survey of the technical literature of the procedings year</subfield><subfield code="c">Hsu chang; thomas r. mcguire (eds.)</subfield></datafield><datafield ind1=" " ind2=" " tag="260"><subfield code="a">New York</subfield><subfield code="b">Academic Press</subfield><subfield code="c">1968</subfield></datafield><datafield ind1=" " ind2=" " tag="300"><subfield code="a">XV + 315 P</subfield></datafield><datafield ind1="1" ind2=" " tag="700"><subfield code="a">Mcguire, Thomas R</subfield></datafield><datafield ind1=" " ind2=" " tag="852"><subfield code="a">30157</subfield><subfield code="c">537:538</subfield></datafield><datafield ind1=" " ind2=" " tag="CAT"><subfield code="a">Sys</subfield><subfield code="c">20110615</subfield><subfield code="h">133213</subfield></datafield></record></collection>